3106 5288
236 744 302 809 198
774 767 898 820 noras.

237 934 328 1014 quasi
343 936 464 997 formae
480 937 662 1017 figuraeque
677 939 813 1016 dicendi,
830 941 935 1020 specie
951 942 1103 1021 dispares,
1120 964 1233 1022 genere
1249 946 1439 1022 laudabiles,

236 1057 299 1097 non
315 1057 406 1117 posse
422 1058 554 1118 eaquae
570 1040 654 1101 inter
668 1061 702 1103 se
717 1043 908 1122 discrepant,
924 1045 1044 1106 eisdem
1062 1049 1240 1125 praeceptis
1262 1055 1358 1126 atque
1373 1070 1441 1110 una

236 1138 439 1199 institutione
461 1139 707 1202 formari—As
730 1143 784 1203 the
807 1144 973 1223 following
992 1145 1106 1220 shows,
1115 1149 1259 1224 formas.
1278 1196 1284 1209 .
1302 1194 1308 1207 .
1325 1170 1438 1225 genera

235 1242 320 1301 refer
344 1246 377 1298 to
408 1239 462 1299 the
487 1239 613 1300 various
631 1241 752 1321 'types’
769 1243 804 1301 01
826 1249 961 1322 oratory,
985 1245 1112 1323 usually
1136 1245 1266 1306 divided
1289 1247 1358 1308 into
1381 1248 1438 1308 the

236 1343 326 1402 three
343 1341 459 1399 classes
474 1339 510 1399 01
524 1340 578 1400 the
593 1342 701 1400 subtile
717 1343 821 1422 ἰσχνόν,
838 1346 954 1419 pronde
976 1345 1069 1423 ἁδρόν,
1086 1346 1221 1404 0101110111
1236 1347 1357 1425 ἀνθηρόν
1380 1348 1435 1432 (01.

237 1443 370 1520 Sandys'
388 1447 462 1502 note
476 1447 510 1500 to
526 1440 611 1501 Orat.
629 1443 657 1515 5,
675 1442 715 1500 20
738 1444 888 1503 Causeret
903 1463 932 1521 p.
950 1446 1009 1504 151
1026 1446 1088 1504 and
1103 1445 1294 1520 Volkmann,
1310 1448 1435 1506 Elector.

236 1563 265 1620 p.
283 1542 441 1621 532-562)
459 1540 564 1600 which
587 1540 619 1599 in
642 1541 697 1601 the
718 1541 885 1619 jndgment
907 1545 941 1603 01
963 1544 1068 1615 Quint.
1089 1545 1180 1628 (XII,
1200 1547 1249 1620 10,
1266 1545 1320 1623 66)
1337 1546 1438 1623 ought

235 1648 269 1702 to
284 1644 365 1703 have
380 1642 461 1702 been
476 1641 545 1701 still
568 1641 694 1701 further
709 1642 899 1702 subdivided
916 1665 922 1702 :
947 1643 1008 1703 Sed
1029 1663 1132 1721 neque
1154 1644 1204 1704 his
1226 1644 1329 1704 tribus
1345 1646 1437 1723 quasi

136 1777 137 1780 ¹
235 1743 347 1803 formis
364 1742 488 1803 inclusa
503 1741 685 1818 eloquentia
700 1748 757 1800 est.
775 1760 848 1801 nam
862 1749 899 1801 ut
918 1742 1002 1802 inter
1018 1743 1134 1820 gracile
1149 1743 1354 1821 validumque
1375 1751 1438 1804 ter-

235 1842 318 1902 tium
341 1842 463 1920 aliquid
488 1841 698 1901 constitutum
722 1847 779 1915 est,
797 1841 843 1900 ita
865 1842 977 1900 horum
1000 1841 1084 1902 inter
1108 1862 1141 1903 se
1168 1843 1338 1903 intervalla
1361 1851 1438 1904 sunt

236 1949 331 2020 atque
357 1942 441 2001 inter
465 1942 541 2000 haec
556 1940 635 2025 ipsa
663 1941 800 2000 mixtum
825 1941 976 2019 quiddam
1002 1961 1041 2001 ex
1067 1942 1189 2002 duobus
1219 1943 1358 2002 medium
1388 1950 1439 2004 est

214 2027 216 2031 ⁵
235 2060 352 2102 eorum.
380 2061 453 2100 narn
469 2047 501 2100 et
516 2040 627 2100 subtili
644 2040 769 2118 plenius
791 2040 915 2118 aliquid
929 2047 1024 2117 atque
1040 2042 1190 2101 subtilius
1206 2049 1238 2102 et
1254 2042 1435 2102 vehementi

236 2141 399 2201 remissius
420 2147 516 2217 atque
530 2139 750 2198 vehementius
766 2139 936 2215 invenitur,
952 2147 989 2200 ut
1011 2140 1092 2200 illud
1113 2140 1185 2201 lene
1199 2148 1255 2202 aut
1270 2142 1438 2202 adscendit

236 2242 277 2301 ad
301 2241 435 2300 fortiora
458 2246 513 2300 aut
534 2240 574 2299 ad
589 2239 735 2299 tenuiora
756 2239 936 2299 submittur.
960 2259 996 2300 ac
1016 2240 1061 2300 sic
1076 2259 1173 2318 prope
1189 2241 1435 2302 innumerabiles

236 2340 357 2419 species
374 2339 574 2418 reperiuntur
590 2358 669 2416 quae
684 2338 795 2415 utique
811 2339 917 2417 aliquo
933 2346 1092 2399 momento
1114 2339 1197 2399 inter
1219 2359 1253 2400 se
1275 2340 1434 2401 differant.

236 2442 415 2502 -Gatonit
437 2442 480 2498 M.
498 2439 629 2498 Porcius
653 2439 727 2498 Cato
751 2438 919 2512 Censorius,
934 2439 1013 2498 born
1029 2440 1089 2499 234
1106 2459 1190 2499 cons.
1204 2441 1265 2499 195
1278 2459 1360 2499 cens
1375 2441 1434 2500 184

237 2540 310 2599 died
327 2542 396 2612 149,
408 2559 482 2612 was,
493 2538 661 2613 according
675 2543 708 2596 to
725 2537 842 2610 Cicer0,
859 2538 913 2596 the
929 2538 1032 2597 oldest
1048 2539 1172 2597 Roman
1188 2546 1296 2598 orator
1312 2540 1434 2618 worthy

236 2640 291 2697 the
307 2659 406 2697 name.
446 2639 493 2699 Cf.
512 2639 599 2695 Brut.
617 2638 666 2710 16,
683 2639 720 2695 61
744 2656 801 2695 nec
816 2656 891 2695 vero
906 2637 1005 2696 habeo
1020 2657 1208 2714 quemquam
1224 2639 1433 2716 antiquiorem

236 2739 325 2797 cuius
358 2739 485 2815 quidem
516 2736 636 2812 scripta
662 2736 851 2814 proferenda
876 2742 985 2813 putem
1014 2736 1075 2794 uisi
1103 2757 1197 2813 quern
1227 2738 1311 2814 Appi
1343 2739 1434 2798 Caeci

236 2839 337 2897 oratio
362 2838 438 2896 haec
463 2836 532 2913 ipsa
555 2837 592 2894 de
617 2836 741 2913 Pyrrho
765 2842 797 2893 ct
819 2835 990 2893 nonnullae
1017 2842 1210 2895 mortuorum
1236 2837 1434 2896 laudationes

237 2939 320 2996 forte
337 2938 498 2996 delectant
527 2938 575 3009 17,
593 2937 632 2994 68
655 2935 817 3012 antiquior
832 2941 864 2993 et
885 2935 978 2994 huius
995 2955 1097 2994 sermo
1120 2942 1152 2993 ct
1168 2937 1321 3012 quaedam
1339 2936 1435 2996 horri-

237 3038 326 3097 diora
350 3037 465 3095 verba:
497 3035 542 3093 ita
565 3035 650 3093 enirn
674 3042 742 3093 tum
767 3035 979 3112 loquebantur
1023 3036 1108 3094 Orat.
1134 3037 1184 3108 45,
1210 3037 1279 3107 152,
1304 3037 1376 3109 and,
1400 3036 1432 3095 in

237 3136 374 3211 general,
388 3134 510 3192 Teuffel
528 3137 542 3201 §
560 3135 619 3192 118
635 3134 667 3192 ff.
681 3137 810 3206 —seni,
831 3136 904 3193 here
920 3136 998 3192 used
1015 3134 1045 3191 111
1063 3134 1223 3192 reference
1239 3140 1272 3192 to
1288 3135 1341 3193 the
1358 3136 1433 3194 time

237 3235 269 3293 in
287 3235 389 3292 which
405 3234 444 3291 he
460 3233 556 3306 lived,
567 3239 623 3291 not
638 3239 671 3291 to
685 3234 735 3291 his
751 3235 911 3292 advanccd
925 3254 1027 3311 years.
1067 3235 1107 3292 So
1120 3233 1277 3311 similarly
1292 3233 1432 3312 ‘antiqui

237 3333 385 3393 Catonis’
409 3332 441 3390 in
457 3351 498 3391 an
514 3331 655 3407 epigram
671 3332 755 3390 cited
776 3332 819 3409 by
834 3333 940 3401 Quint.
958 3333 1041 3391 Vlll
1057 3334 1086 3405 3,
1103 3333 1151 3391 29.
1198 3332 1264 3391 The
1281 3352 1434 3391 commen-

234 3440 335 3493 tators
352 3433 418 3491 also
434 3450 578 3508 compare
594 3431 656 3491 (lic.
669 3432 759 3489 Brut.
773 3431 821 3503 10,
833 3431 873 3489 39
890 3430 1005 3507 quoted
1017 3429 1049 3487 in
1062 3430 1266 3490 1101001617
1283 3429 1341 3489 but
1356 3430 1436 3489 have

235 3531 424 3591 overlooked
440 3531 519 3589 Stat.
535 3529 611 3587 Silv.
626 3531 672 3588 IV
684 3532 712 3602 9,
724 3531 763 3587 20
779 3528 870 3586 Bruti
884 3528 968 3586 senis
981 3528 1185 3587 oscitationes
1201 3529 1285 3608 (137
1298 3547 1391 3605 years
1403 3528 1436 3586 01

235 3635 306 3713 age)
325 3633 341 3689 Ι
357 3632 385 3705 2,
399 3632 459 3689 253
476 3628 687 3690 Callimachus
704 3648 726 3687 s.
744 3629 813 3700 Va,
827 3629 885 3686 151
899 3628 1055 3686 Ascraeus
1070 3627 1257 3705 Siculusque
1278 3628 1357 3687 Hor.
1372 3629 1434 3687 Sat.

236 3733 271 3791 II
288 3734 316 3806 1,
329 3734 369 3790 34
392 3733 449 3807 Ep.
468 3730 502 3788 Il
519 3732 547 3804 1,
561 3732 608 3789 56.
619 3731 699 3791 -11,
714 3731 887 3791 Gracchus:
914 3731 945 3788 C.
961 3730 1157 3807 Sempronius
1175 3732 1341 3803 Graecina
1358 3731 1434 3788 born

237 3833 337 3913 154y3
353 3831 424 3890 trib.
439 3830 521 3908 pleb.
535 3830 688 3901 123-121,
705 3830 738 3887 111
753 3830 856 3889 which
872 3830 969 3889 latter
983 3849 1059 3907 year
1073 3829 1113 3887 hc
1130 3849 1193 3888 iras
1211 3830 1434 3889 assassinated.

237 3932 286 3992 On
297 3932 347 3990 his
360 3932 539 4008 eloquence,
553 3929 592 3988 cf.
605 3929 667 3989 Cic.
680 3930 769 3988 Brut.
781 3930 830 4001 33,
843 3928 902 3986 125
914 3928 947 3986 ff.
960 3928 1055 3986 Noli.
1070 3973 1076 3987 .
1092 3974 1098 3988 .
1112 3934 1223 4005 putare
1235 3945 1433 4005 quemqnam,

239 4032 344 4101 Brute,
356 4028 527 4105 [1100101011
546 4031 600 4085 aut
622 4026 787 4083 ‘celeriorem
809 4026 849 4083 ad
872 4024 1038 4082 dicendum
1064 4024 1163 4082 fuisse
1180 4069 1186 4081 .
1204 4069 1210 4082 .
1228 4069 1235 4082 .
1252 4024 1434 4101 eloquentia

237 4130 365 4206 quidem
387 4127 493 4186 nescio
508 4146 548 4185 an
570 4125 735 4201 habuisset
757 4143 863 4200 parem
887 4123 1052 4181 neminem.
1100 4124 1237 4183 Grandis
1254 4130 1304 4182 est
1319 4124 1432 4196 verbis,

238 4228 363 4305 sapiens
379 4225 557 4297 sententiis,
575 4244 687 4300 genere
704 4230 771 4282 toto
791 4222 917 4298 gravis:
940 4241 1052 4281 manus
1068 4231 1210 4281 extrema
1224 4242 1286 4281 non
1303 4224 1436 4282 accessit

237 4327 384 4404 operibus
398 4325 478 4399 eius;
495 4324 654 4400 praeclare
668 4322 815 4379 incohata
827 4322 935 4394 multa,
949 4322 1092 4398 perfecta
1102 4342 1164 4380 non
1175 4322 1277 4399 plane.
1304 4323 1388 4381 Plut.
1401 4324 1432 4383 C.

237 4426 368 4487 Graeell.
385 4427 404 4483 3
420 4427 525 4503 ἰσχύων
538 4427 579 4501 τῷ
593 4423 688 4500 λέγειν
703 4419 737 4483 uls
753 4423 841 4483 ἄλλος
857 4422 953 4483 οὐδείς.
987 4422 1041 4497 Cp.
1056 4421 1177 4480 Teuffel
1192 4424 1206 4489 ξ
1220 4423 1291 4494 135,
1304 4424 1324 4479 4
1337 4421 1359 4480 f.
1373 4422 1434 4480 and

239 4531 310 4583 note
327 4544 352 4583 c.
370 4525 409 4582 26
427 4534 451 4580 2.
462 4523 623 4597 -plcnus
638 4521 700 4580 and
715 4522 788 4577 aher
802 4520 868 4578 also
881 4520 1045 4579 combined
1062 4521 1094 4578 in
1111 4523 1181 4580 Tac.
1200 4521 1282 4579 Ann.
1300 4522 1369 4581 XII
1385 4522 1433 4580 66.

279 4624 318 4682 16
342 4624 484 4684 crassus:
508 4622 544 4678 L.
562 4621 702 4678 Licinias
722 4621 858 4691 Crassus,
875 4619 953 4677 horn
970 4640 997 4677 n.
1011 4639 1036 4678 e.
1055 4621 1114 4678 119
1137 4640 1220 4679 cons
1239 4622 1278 4679 95
1295 4640 1378 4681 cens,
1395 4621 1436 4679 92

237 4723 312 4782 died
333 4724 382 4795 91,
406 4740 464 4780 one
488 4720 522 4778 01
544 4719 597 4777 the
620 4718 776 4795 principal
799 4718 1020 4776 interlocutus
1045 4720 1075 4775 in
1100 4720 1153 4777 the
1177 4722 1223 4778 De
1243 4720 1384 4792 Oratore,
1403 4719 1434 4776 in
