3106 5288
169 698 236 763 324
698 716 823 767 acras.

210 889 251 949 27
273 890 336 951 1111
353 890 490 964 audiar,
509 894 647 953 sectatu
663 890 855 953 iudiciorum
877 890 929 950 ‘iu
950 890 1006 951 the
1028 891 1142 966 forum,
1163 891 1198 949 iu
1218 890 1279 953 the
1301 890 1386 953 law-

168 988 295 1048 courts!
338 988 401 1047 For
421 1006 441 1049 a
461 988 585 1049 similar
606 988 765 1067 objectiva
788 990 885 1066 garrit.
901 990 943 1050 ef.
960 990 1042 1051 cd?
1059 998 1089 1050 17
1111 990 1236 1051 ambitu
1250 991 1385 1051 comiti-

168 1104 258 1147 orum
295 1087 379 1147 Anu.
396 1088 488 1147 1134
510 1087 665 1147 ambitum
687 1087 750 1148 fori
783 1088 892 1149 11131
923 1090 985 1149 XV
999 1090 1040 1149 25
1063 1089 1173 1167 Syriae
1195 1090 1383 1165 exsecutio,

168 1186 274 1246 where
297 1206 349 1247 see
370 1186 468 1265 Nipp.
500 1187 563 1249 Cic.
580 1206 637 1265 pro
652 1187 755 1248 Flacc.
772 1188 838 1263 2,5
861 1189 974 1250 Cretae
996 1189 1078 1250 vitia
1112 1208 1170 1267 pro
1185 1189 1269 1251 Sest
1285 1190 1319 1265 5,
1338 1192 1383 1252 13

169 1292 340 1364 quaestura
354 1286 559 1347 Macedoniae
594 1288 636 1347 ad
650 1287 758 1357 Quint.
775 1287 849 1347 frat.
866 1288 883 1347 Ι
899 1290 929 1351 1.
943 1290 985 1349 25
1007 1288 1157 1349 itinerum
1172 1294 1271 1367 atque
1285 1308 1384 1367 agro-

168 1404 240 1445 rum
255 1386 350 1446 furta.
395 1387 450 1464 Cp.
467 1386 535 1447 also
550 1387 605 1447 Dr.
622 1388 664 1445 H.
679 1386 710 1446 S.
727 1386 744 1445 Ι
759 1388 821 1447 468
834 1388 856 1446 f.
880 1385 1085 1463 1111111311.

210 1485 251 1545 28
274 1486 392 1547 alienis
408 1487 634 1564 experimentis
649 1485 709 1565 ‘by
723 1486 779 1545 the
794 1487 981 1565 experieuce
996 1487 1128 1547 derived
1141 1487 1226 1547 from
1241 1487 1382 1549 othere!

169 1584 236 1643 The
259 1604 345 1645 samo
366 1585 481 1665 phrase
503 1604 613 1645 occurs
632 1584 667 1644 in
684 1586 756 1645 Tac.
773 1588 832 1663 Ag.
849 1588 889 1646 19
911 1586 1024 1647 doctus
1045 1604 1103 1665 per
1124 1586 1230 1647 aliena
1251 1588 1384 1667 experi-

169 1690 284 1744 menta.
330 1684 379 1746 cf.
396 1686 624 1746 uotec.2917.

210 1786 251 1845 29
273 1786 310 1845 in
328 1784 446 1847 oculist
476 1785 517 1844 So
532 1785 573 1844 H.
590 1784 608 1843 I
623 1786 664 1845 37
695 1784 787 1845 1135
816 1786 864 1845 IV
879 1788 919 1846 77
949 1788 1032 1845 Arm.
1050 1786 1105 1845 III
1119 1787 1168 1845 29.

211 1884 252 1944 30
273 1884 386 1962 populi
403 1902 496 1945 aures
510 1883 609 1944 ‘likes
627 1884 691 1944 and
704 1883 858 1945 dislikes.'
895 1906 987 1945 cares
1001 1884 1029 1945 is
1046 1884 1245 1963 frequentin
1260 1886 1319 1946 the
1337 1887 1381 1947 D.

169 1983 205 2042 in
219 1983 274 2043 the
289 2002 381 2043 seusa
395 1982 432 2043 of
444 1981 452 2007 ‘
462 1982 604 2060 opinion,
618 1984 796 2061 judgmeut,
812 1984 917 2043 teste!
950 1983 999 2046 cf.
1015 2003 1040 2043 c.
1058 1986 1078 2044 9
1096 1994 1112 2043 t
1133 1985 1173 2045 19
1191 1994 1216 2043 8.
1229 1994 1265 2043 23
1286 1986 1381 2045 2111

169 2101 197 2143 a.
221 2082 372 2142 iudicium
407 2084 448 2143 27
462 2092 496 2141 28
530 2084 620 2143 3416
642 2082 743 2161 ipsius
766 2083 877 2162 populi
898 2103 925 2143 a.
948 2084 1233 2145 «111111οΗ199
1258 2090 1382 2167 (genus

170 2181 295 2259 orandi)
311 2182 421 2242 crebro
436 2181 499 2241 fori
513 2200 574 2241 usu
588 2180 711 2241 celebre
726 2187 760 2241 et
774 2182 815 2241 ad
830 2181 1008 2259 implendas
1023 2182 1134 2261 populi
1154 2200 1247 2243 aures
1270 2182 1382 2243 latum

170 2280 253 2339 Ann.
270 2281 357 2340 XIII
373 2282 393 2341 3
414 2280 650 2358 ingenium...
668 2279 821 2358 temporis
842 2280 911 2340 eius
933 2280 1062 2341 auribus
1085 2281 1380 2343 adcommodatum.

169 2382 454 2442 -aeeusationem
477 2384 674 2458 surreperet:
711 2379 760 2441 cf.
785 2379 854 2439 Liv.
879 2380 969 2440 XLV
990 2382 1030 2441 37
1054 2382 1119 2441 Ser.
1144 2380 1249 2442 Galba
1273 2381 1309 2441 in
1340 2384 1380 2443 L.

170 2479 284 2538 Paullo
310 2479 485 2539 accusando
510 2478 694 2538 tirocinium
720 2498 837 2556 ponere
863 2485 895 2538 et
921 2481 1143 2539 documentum
1168 2480 1381 2558 eloquentiae

170 2580 244 2637 dare
271 2579 372 2638 voluit
415 2579 478 2639 Cic.
502 2598 559 2656 pro
582 2578 665 2639 Cael.
689 2580 739 2651 30,
760 2581 799 2637 73
827 2579 928 2637 voluit
954 2586 1060 2638 vetere
1087 2579 1235 2639 instituto
1263 2600 1381 2641 eornm

169 2678 420 2737 a‹lules‹,·entinrn
446 2678 590 2754 exemplo
616 2677 670 2754 qui
697 2684 770 2755 post
795 2678 830 2735 in
855 2678 985 2737 civitate
1088 2679 1259 2738 clarissimi
1286 2682 1381 2742 cives

170 2778 372 2851 exstiterunt,
390 2777 581 2836 industriam
604 2796 691 2835 suam
715 2796 734 2836 a
756 2777 871 2854 populo
895 2778 1036 2836 llornano
1058 2778 1227 2855 exaliqua
1250 2778 1381 2839 illustri

169 2877 368 2936 accusatione
391 2876 544 2953 cognosci.
583 2876 691 2935 While
710 2896 729 2935 a
746 2876 921 2935 successful
943 2877 1074 2936 defence
1096 2896 1160 2936 was
1182 2879 1381 2939 considered

169 2995 254 3035 more
270 2976 414 3045 difficult,
430 2995 470 3034 an
491 2975 670 3034 accusation
692 2995 756 3034 was
779 2982 835 3051 apt
855 2980 889 3033 to
911 2976 948 3034 be
971 2978 1122 3035 attendcd
1143 2977 1222 3035 with
1245 2986 1381 3053 greater

169 3096 304 3133 renown.
352 3076 409 3133 See
432 3075 538 3145 Quint.
555 3076 585 3133 V
607 3076 655 3145 13,
679 3076 698 3134 3
728 3075 981 3134 accusationibus
1010 3076 1107 3134 etiam
1136 3076 1312 3137 medioeres
1343 3080 1379 3137 in

169 3175 302 3234 dicendo
325 3175 527 3247 suffecerunt,
544 3174 643 3232 bonus
666 3173 815 3232 defensor
832 3194 924 3232 nenio
939 3174 1002 3233 nisi
1019 3175 1073 3252 qui
1089 3176 1379 3252 eloquentissimus

168 3274 241 3332 fuit.
265 3294 347 3347 nam,
365 3280 400 3332 ut
422 3273 507 3350 quod
528 3273 641 3343 sentia,
659 3271 755 3331 semel
779 3272 896 3343 finiam,
921 3280 1010 3332 tanto
1033 3279 1083 3332 est
1105 3293 1251 3333 accusare
1276 3295 1378 3353 quarn

169 3374 350 3445 defendere,
364 3379 483 3450 quanto
505 3373 609 3431 facere
630 3391 725 3448 quarn
740 3391 851 3431 sanare
867 3373 999 3431 vulnera
1014 3373 1141 3431 facilius
1170 3374 1238 3432 XII
1255 3376 1377 3447 7,1-3.

169 3475 295 3549 Among
309 3474 363 3532 the
379 3472 529 3550 speeches
544 3472 580 3530 of
594 3472 713 3541 Cicera,
729 3470 818 3529 th'ere
834 3492 886 3530 are
903 3472 959 3530 but
974 3472 1037 3530 few
1053 3472 1309 3533 ‘accusationes'

210 3574 249 3632 31
273 3574 376 3633 solus·
393 3611 398 3621 ·
415 3611 420 3621 ·
437 3577 468 3632 et
486 3589 583 3631 unus:
607 3570 740 3629 1111111111
756 3571 847 3629 other
863 3571 987 3629 writers
1003 3591 1103 3631 seems
1120 3572 1238 3650 always
1253 3580 1289 3632 to
1305 3594 1380 3651 pre-

169 3673 253 3745 cede,
280 3672 371 3730 when
400 3671 510 3748 joined
535 3669 614 3728 with
640 3670 765 3729 ‘solua’
810 3671 858 3730 Of.
876 3671 939 3730 Cic.
958 3672 991 3729 in
1006 3672 1070 3731 Pis.
1087 3673 1137 3745 40,
1153 3674 1193 3732 96
1215 3679 1247 3731 te
1271 3694 1378 3734 unum

169 3772 270 3830 sclurn
307 3790 363 3848 pro
383 3771 607 3842 Sest.c2,130
645 3769 677 3827 in
693 3770 780 3829 Verr.
800 3771 833 3827 11
856 3772 885 3843 ⁴2,
902 3773 930 3835 5,
948 3773 996 3830 13.
1014 3773 1063 3845 75,
1080 3772 1140 3831 185
1176 3772 1255 3830 Hor.
1274 3774 1375 3850 Ep.I

168 3873 231 3941 111
255 3891 346 3929 una.
372 3916 378 3928 .
403 3915 409 3927 .
433 3870 562 3945 solaque
599 3869 682 3926 Plin.
701 3869 834 3929 Paulli
857 3890 938 3928 nnus
962 3870 1119 3948 solusque.
1164 3872 1219 3948 Cp.
1243 3880 1320 3931 note
1346 3894 1375 3934 e.

168 3971 263 4029 1713.

211 4072 250 4128 32
274 4086 355 4130 nono
374 4069 493 4129 decimo
507 4107 513 4119 ·
529 4106 534 4117 ·
552 4106 557 4118 ·
574 4069 608 4129 L.
623 4068 751 4128 Crassus
770 4068 799 4129 0.
815 4069 1001 4130 carbonem:
1029 4070 1077 4130 of.
1091 4070 1153 4129 Cic.
1167 4070 1205 4128 de
1221 4077 1302 4130 orat.
1317 4073 1377 4132 III

168 4171 275 4241 21171
299 4168 416 4245 quippe
441 4167 495 4245 qui
519 4167 659 4226 omnium
686 4168 871 4226 maturrime
898 4169 938 4226 ad
964 4168 1106 4244 publicas
1131 4187 1241 4228 causas
1269 4190 1379 4231 acees-

169 4269 262 4327 serim
286 4287 447 4343 annosque
469 4272 563 4326 natus
587 4288 684 4325 111111111
708 4277 737 4325 et
759 4268 873 4343 ripr'rrti
895 4267 1127 4327 nobilissimum
1150 4268 1314 4329 homiuem
1339 4280 1377 4331 et

168 4368 462 4445 eloquentissimum
484 4366 518 4424 in
538 4365 691 4424 iudicium
706 4386 850 4426 vocarem
883 4368 921 4426 de
937 4368 989 4425 off.
1007 4369 1041 4424 ll
1058 4369 1106 4441 13,
1122 4370 1162 4427 47
1185 4369 1221 4427 L.
1237 4370 1376 4446 quidem

168 4468 308 4530 Crassus
333 4487 403 4525 cum
430 4471 514 4525 esset
539 4466 707 4524 admodum
733 4466 918 4525 adulescens
943 4467 1108 4547 (11111143,
1126 4468 1199 4545 159)
1307 4470 1376 4530 sibi

169 4568 235 4643 ipse
259 4566 383 4645 peperit
405 4585 585 4624 maxumam
607 4565 733 4623 laudern
756 4586 795 4623 ex
819 4566 875 4625 illa
896 4567 1095 4625 accusatione
1112 4566 1210 4625 nobili
1226 4573 1259 4626 et
1275 4569 1376 4645 glori-

167 4686 231 4740 osa,
262 4672 303 4739 et,
334 4686 396 4742 qua
425 4671 529 4724 aetate
558 4664 613 4740 qui
643 4671 839 4737 exercentur,
869 4664 961 4723 laude
993 4664 1085 4724 adfici
1118 4666 1231 4741 solent,
1261 4674 1300 4727 ut
1329 4670 1374 4730 de
