3106 5288
178 647 239 713 xiv
636 667 919 720 ructuaouana.

178 834 309 914 'vulgo'
336 839 369 897 in
394 838 450 900 the
474 839 558 916 title,
584 842 647 901 and
672 843 712 901 he
737 861 802 902 was
828 843 973 921 strongly
999 844 1147 922 disposed
1172 851 1206 905 to
1231 846 1377 907 abaudon

178 936 356 1007 Quintilian
379 937 565 1015 altogether,
587 940 720 1001 because
742 941 778 1001 of
798 942 1032 1019 chronological
1053 944 1258 1005 difficulties.⁸

220 1037 327 1097 Doubt
342 1037 369 1097 is
385 1038 578 1115 contagione.
623 1041 664 1100 In
685 1041 741 1100 the
763 1047 892 1119 present
914 1041 1057 1103 instance
1075 1044 1130 1104 the
1149 1051 1238 1121 great
1253 1051 1380 1123 reputa·

177 1135 246 1195 tion
261 1135 367 1197 which
380 1138 436 1198 the
448 1137 635 1217 ‘sospitator
645 1140 765 1200 Taciti'
778 1141 965 1220 deservedly
976 1143 1121 1221 enjoyed‚
1133 1144 1379 1224 unfortunately

177 1234 309 1296 blinded
330 1236 525 1316 subsequent
546 1239 687 1300 scholars
701 1245 735 1300 to
749 1241 805 1301 the
820 1242 968 1320 palpable
983 1242 1146 1302 wealrness
1163 1244 1198 1303 of
1216 1243 1267 1303 his
1287 1263 1380 1322 argn-

177 1340 290 1396 ments.
335 1336 465 1415 Lipsius
494 1337 626 1398 himself
653 1340 759 1400 would
787 1342 1056 1421 unquestionably
1081 1343 1161 1402 have
1190 1343 1377 1405 abandoned

176 1435 274 1510 them,
299 1434 327 1495 if
351 1436 391 1496 he
413 1437 477 1497 had
499 1437 579 1498 been
602 1438 673 1498 able
696 1445 729 1500 to
753 1446 885 1500 account
908 1442 959 1500 for
981 1442 1036 1502 the
1060 1442 1211 1502 manifest
1234 1443 1377 1521 stylistic

177 1534 347 1596 difference
379 1536 523 1597 between
554 1538 610 1597 the
642 1539 795 1615 Dialogus
828 1541 891 1599 and
923 1541 978 1600 the
1011 1541 1175 1602 historical
1207 1543 1311 1602 works
1342 1545 1378 1603 of

177 1633 316 1710 Tacitus,
332 1636 396 1695 and
415 1636 442 1696 it
462 1636 490 1697 is
511 1636 577 1697 this
595 1645 761 1715 argument
775 1638 879 1699 which
894 1640 952 1700 has
968 1640 1054 1700 since
1069 1640 1120 1700 his
1135 1641 1197 1719 day
1213 1642 1376 1703 remained

177 1732 232 1792 the
254 1751 313 1793 one
335 1741 424 1811 great
445 1737 584 1797 obstacle
603 1737 638 1796 in
655 1739 710 1799 the
725 1757 796 1816 way
811 1738 846 1798 of
860 1758 879 1798 a
892 1740 1080 1800 unanimous
1096 1740 1219 1800 verdiot
1233 1741 1268 1800 in
1283 1742 1376 1802 favor

177 1831 213 1891 of
226 1832 282 1892 the
297 1833 405 1893 writer
418 1841 452 1894 to
467 1835 572 1895 whom
586 1836 631 1895 all
645 1856 703 1896 our
717 1838 807 1897 MSS.
824 1838 976 1898 attribute
992 1839 1047 1898 the
1063 1839 1226 1916 Dialogue.
1263 1841 1377 1901 Under

175 1930 232 1990 the
247 1931 501 2006 circumstances,
517 1934 673 2009 however,
689 1935 839 1995 Tacitean
855 1936 1042 2014 authorship
1057 1939 1183 1998 seemed
1198 1944 1253 1998 out
1267 1940 1303 1999 of
1319 1940 1375 2000 110

177 2030 333 2107 question.
365 2031 551 2107 Quintilian,
577 2032 613 2092 in
638 2034 720 2109 spite
744 2034 779 2093 of
802 2034 939 2112 Lipsius'
966 2035 1056 2108 later,
1080 2035 1178 2096 albeit
1201 2038 1378 2099 somewhat

177 2128 390 2190 half-hearted
401 2131 582 2207 retraction,
599 2133 662 2192 had
677 2133 731 2193 the
747 2140 829 2192 most
845 2134 1052 2212 supportem,⁴
1063 2136 1225 2196 doubtless
1240 2137 1376 2199 because

218 2295 279 2344 ⁸As
290 2296 405 2358 Lipsius’
420 2295 486 2347 final
502 2303 644 2348 atterance
662 2312 697 2348 on
715 2299 770 2348 this
781 2299 894 2362 subject,
909 2300 937 2348 in
949 2300 991 2349 113
1002 2301 1105 2350 edition
1118 2301 1147 2350 of
1160 2303 1233 2364 1585,
1247 2303 1377 2367 virtually

176 2378 323 2440 cmbodles,
336 2379 440 2442 though
457 2379 485 2428 in
502 2393 577 2430 some
594 2394 669 2430 cases
686 2381 750 2444 only
769 2382 797 2431 in
814 2382 941 2442 solution,
956 2389 1027 2431 most
1044 2383 1073 2432 of
1090 2383 1136 2432 the
1155 2385 1304 2446 objections
1314 2387 1379 2437 sub-

154 2475 159 2484 ·
175 2461 318 2525 sequently
330 2461 416 2525 urged
427 2462 533 2525 against
544 2463 590 2512 113
602 2464 731 2513 Tacitcan
748 2465 907 2528 authorship
918 2465 947 2514 of
964 2465 1010 2514 110
1027 2466 1167 2528 Dialogue‚
1182 2467 1204 2516 it
1215 2467 1269 2516 will
1282 2475 1331 2518 not
1343 2470 1378 2519 bs

175 2549 225 2595 out
236 2544 266 2594 of
277 2545 361 2607 place,
375 2550 405 2594 to
422 2546 474 2594 0110
491 2546 538 2595 110
555 2560 667 2610 passage
679 2547 708 2596 in
719 2547 786 2597 full:
807 2548 942 2611 ‘scriptor
958 2553 1050 2597 tamen
1068 2548 1124 2611 ipse
1141 2550 1268 2600 incertus.
1305 2552 1378 2602 Nam

174 2628 301 2679 Tacitum
321 2627 413 2688 fuisse,
435 2628 481 2690 qui
501 2629 632 2679 credam?
667 2630 758 2690 Staius
777 2630 852 2680 valde
872 2630 971 2690 0111011,
993 2630 1074 2694 idque
1094 2646 1150 2681 non
1170 2632 1256 2683 fallax
1277 2634 1305 2683 in
1324 2634 1378 2685 hoc

174 2725 272 2775 genere
292 2716 500 2774 argumentum:
526 2712 614 2774 stylus
636 2712 665 2761 in
686 2713 789 2774 Tacito,
812 2713 973 2763 constrictus
996 2713 1104 2776 ubique,
1127 2720 1207 2776 teres,
1230 2722 1326 2766 acutus
1349 2724 1379 2767 et

174 2808 283 2845 severus
294 2795 380 2858 magis
392 2808 473 2858 quam
486 2794 606 2857 lepidus:
624 2795 668 2844 hic
681 2796 773 2845 omnia
784 2801 887 2846 contra
921 2796 967 2860 (So
979 2797 1037 2846 also
1049 2798 1201 2858 11110301,
1216 2799 1286 2849 Einl.
1302 2814 1327 2863 p.
1343 2801 1377 2850 9:

174 2877 232 2927 Der
243 2878 292 2928 Stil
304 2879 352 2927 des
364 2879 398 2927 D.
413 2877 462 2927 hat
473 2878 523 2927 mit
534 2878 596 2928 dem
614 2878 793 2927 historischen
811 2879 861 2929 Stil
879 2879 926 2928 des
943 2880 1053 2930 Tacitus
1070 2880 1156 2930 aichts
1173 2882 1301 2948 gemein.)
1336 2884 1378 2933 At

173 2962 275 3011 mutari
287 2963 310 3011 is
321 2962 350 3010 in
363 2966 452 3011 aetate
465 2966 513 3010 aut
524 2968 684 3024 argumento
696 2968 794 3025 potest,
808 2962 943 3026 inquiunt.
981 2964 1042 3012 Non
1058 2978 1143 3027 nego:
1161 2965 1208 3014 sed
1226 2979 1377 3028 numquam

174 3044 214 3094 113
224 3051 255 3093 ut
266 3045 347 3094 abeat
358 3057 468 3107 prorsus
479 3058 497 3093 a
507 3058 572 3094 sese.
604 3045 741 3106 Quidquid
755 3045 849 3095 Cicero
860 3046 968 3108 scripsit
978 3060 1070 3107 senex,
1083 3047 1187 3097 iuvenis
1198 3048 1374 3112 philologum,

173 3128 372 3191 philosophum,
387 3128 415 3176 in
427 3127 460 3176 iis
471 3133 563 3176 tamen
581 3127 741 3178 liniamenta
758 3129 891 3190 quaedam
907 3136 1039 3192 apparent
1050 3131 1171 3180 eiusdem
1183 3132 1234 3180 viri
1246 3137 1274 3181 et
1285 3133 1377 3182 vultus

173 3247 202 3261 ..
219 3248 225 3260 .
241 3213 351 3261 00101011
369 3211 448 3260 etiam
463 3210 529 3270 cide,
544 3211 568 3259 31
581 3224 634 3260 non
642 3213 752 3272 paonat.
791 3212 841 3260 Hic
859 3212 973 3274 scriptor
990 3226 1142 3262 sermonem
1160 3214 1232 3263 hunc
1250 3215 1376 3264 habitum

173 3294 278 3344 inducit
296 3297 373 3343 sexto
392 3291 515 3342 Flaviani
534 3293 640 3356 imperii
658 3307 746 3343 anno:
771 3294 848 3357 eique
868 3294 1021 3344 interfuisse
1038 3309 1067 3344 se
1085 3296 1226 3345 admodum
1245 3298 1371 3348 iaoenon.

173 3377 315 3439 Quomodo
336 3390 399 3425 vero
420 3382 485 3425 tuno
506 3376 653 3426 admodum
678 3377 782 3426 iuvenis
802 3378 920 3438 Tacitus,
942 3379 965 3427 si
985 3378 1101 3428 honores
1124 3379 1207 3428 etiam
1230 3380 1301 3442 cepit
1323 3381 1376 3430 sub

172 3460 404 3523 Vespasiano...
443 3459 495 3509 Sed
516 3460 677 3520 acernpiaria
696 3462 787 3510 omnia
809 3460 898 3509 Tacito
920 3460 1013 3510 libram
1034 3462 1102 3510 hanc
1123 3465 1250 3512 03301131.
1297 3463 1373 3524 Quae

171 3543 239 3593 11131
262 3543 309 3592 vix
328 3542 393 3592 bina
411 3548 460 3591 aut
477 3547 556 3592 terna
574 3543 654 3592 credo
673 3557 706 3592 ea
724 3556 780 3592 esse
799 3543 827 3591 in
846 3544 920 3592 omni
939 3545 1057 3606 Europa,
1078 3558 1147 3606 quae
1167 3550 1225 3593 tam
1246 3545 1325 3595 facile
1345 3553 1374 3595 et

171 3641 288 3690 pronum
308 3632 350 3675 est
371 3625 414 3674 hic
435 3625 543 3674 mentiri
564 3639 644 3688 quam
666 3626 694 3674 in
715 3626 775 3676 aliis
795 3626 869 3675 libris
892 3640 979 3688 saepe.
1025 3627 1078 3676 Sed
1101 3628 1184 3677 etiam
1207 3628 1373 3689 Pomponius

171 3709 294 3760 Sabinus.
332 3709 360 3757 Is
378 3708 461 3771 igitur
479 3708 594 3757 Sabinus
612 3708 717 3758 mediae
736 3709 833 3758 aetatis
850 3709 1042 3771 grammaticus
1062 3710 1090 3758 in
1111 3724 1220 3759 carmen
1241 3710 1274 3759 10
1296 3712 1371 3760 obitu

171 3792 353 3842 Maecenatis:
380 3790 521 3840 Cornelius
544 3791 653 3840 Tacitus
676 3791 794 3855 appellat
816 3792 917 3854 scripta
937 3792 1103 3841 Maecenatis
1123 3792 1297 3843 calamistros.
1320 3808 1370 3844 nec

171 3889 270 3938 negare
287 3880 359 3924 certe
376 3887 518 3935 possumus
530 3875 595 3936 quin
608 3875 631 3923 is
642 3875 717 3924 locus
728 3875 860 3937 hodieque
874 3875 901 3923 in
913 3875 964 3923 hoc
976 3873 1066 3923 libello
1078 3881 1173 3926 exstet.
1188 3876 1253 3937 quid
1265 3876 1353 3925 dicam
1364 3880 1370 3926 1

170 3959 241 4009 serio
259 3964 287 4007 et
305 3958 430 4019 ingenue,
451 3956 518 4004 nihil
537 3970 580 4006 me
600 3958 708 4006 credere
727 3959 789 4007 huic
809 3957 920 4020 ignobili
939 3958 1048 4018 Sabino,
1069 3960 1114 4020 qui
1133 3973 1167 4006 ex
1185 3960 1269 4007 101011
1288 3961 1371 4010 verbo

170 4042 315 4092 somniavit
327 4040 442 4089 fortasse
455 4040 528 4101 quod
540 4040 625 4089 voluit
639 4042 658 4102 i!
669 4043 686 4105 1)
701 4078 706 4090 .
723 4077 728 4089 .
745 4078 751 4089 .
790 4041 958 4090 incommodi
972 4041 1036 4102 quid
1049 4041 1101 4089 erit
1112 4041 1167 4090 sive
1179 4043 1273 4091 'Tacito
1285 4043 1371 4092 tribu·

170 4139 249 4175 amus
259 4125 314 4174 sive
327 4125 363 4172 11.
380 4123 463 4172 Fabio
478 4123 645 4183 Quintiliano
657 4125 686 4171 at
698 4123 763 4172 mihi
775 4124 838 4172 oiim
851 4125 936 4172 visam
948 4126 992 4173 est.
1007 4138 1071 4173 nam
1084 4130 1113 4173 et
1124 4125 1208 4184 stylita
1220 4126 1276 4186 ipse
1287 4125 1371 4185 plane

170 4209 290 4270 ganiana
302 4212 329 4255 01
341 4205 385 4255 1110
398 4221 426 4255 30
439 4206 470 4255 de
482 4208 570 4255 causis
582 4208 718 4266 corruptae
730 4206 890 4268 eloquentiae
901 4207 1036 4269 scripsisse
1049 4207 1109 4270 plus
1121 4221 1176 4256 uno
1188 4207 1247 4256 loco
1256 4206 1369 4257 fatetur:

171 4305 251 4354 quem
263 4290 373 4339 titulum
386 4290 463 4339 valde
477 4290 628 4353 appositum
640 4289 696 4337 3010
708 4289 770 4338 huic
783 4297 941 4352 argumento
955 4327 960 4339 .
975 4328 980 4339 .
994 4328 999 4340 .
1015 4293 1088 4339 aetas
1100 4296 1193 4340 tamen
1209 4290 1370 4352 Quintiliani

170 4374 261 4437 paullo
271 4375 399 4436 grandior
411 4374 492 4424 fuisse
506 4373 613 4421 videtur
624 4385 705 4433 quam
718 4378 749 4420 ut
759 4372 803 4421 hic
815 4386 902 4421 sermo
915 4373 1023 4422 habitus
1034 4373 1069 4421 sit
1081 4372 1127 4422 illo
1140 4374 1243 4422 iuvene.
1273 4373 1369 4434 ltaque

170 4460 277 4522 ambigo
289 4464 317 4508 ct
329 4473 390 4508 cum
403 4458 489 4507 multa
500 4456 625 4516 dixerim,
639 4454 736 4504 claudo
752 4459 845 4504 tamen
858 4456 950 4505 omnia
961 4463 988 4505 et
1000 4457 1076 4519 signo
1088 4456 1138 4506 hoc
1151 4471 1287 4519 responso,
1301 4456 1369 4505 aridi

169 4556 223 4591 noa
235 4543 339 4605 liquere¹

211 4626 281 4674 *We
300 4622 440 4673 0101111111
461 4623 638 4684 “Quinctil''
659 4621 745 4671 added
764 4622 855 4670 10110
874 4620 931 4670 11110
950 4621 979 4671 of
998 4635 1048 4670 our
1066 4622 1175 4671 treatise
1194 4623 1222 4670 in
1241 4623 1286 4671 the
1305 4623 1364 4672 cod.

171 4707 388 4758 vindobonensis
405 4706 463 4767 351,
476 4706 526 4755 but
543 4706 579 4768 by
591 4719 608 4754 a
625 4704 752 4754 different
768 4704 842 4753 hand
859 4704 914 4754 and
932 4704 959 4753 in
978 4703 1104 4753 different
1121 4704 1176 4754 inlr.
1214 4704 1271 4753 The
1287 4718 1367 4754 name
