3106 5288
228 711 293 775 122
763 723 888 774 noras.

227 920 310 961 crem
330 899 528 977 voluptatem
551 899 634 976 quod
656 898 739 956 huno
762 897 879 956 librum
896 902 950 981 (sc.
968 895 1214 976 Panegyricum)
1231 915 1304 958 cum
1318 898 1429 961 amicis
1520 893 1524 898 ’

228 999 360 1060 recitare
376 997 557 1071 voluissem,
574 1016 635 1056 non
652 1015 707 1075 per
722 995 894 1069 codicillos,
911 1016 973 1055 non
994 1015 1051 1075 per
1066 995 1201 1070 libellos,
1217 997 1273 1056 sed
1287 996 1335 1056 ‘si
1349 1016 1431 1057 com·

227 1099 373 1158 modurn'
397 1104 429 1157 et
451 1096 495 1156 ‘si
510 1096 602 1156 valde
619 1096 762 1155 vacaret’
779 1095 935 1154 admoniti
952 1101 1136 1179 (numquam
1156 1115 1249 1173 porro
1264 1102 1320 1156 aut
1335 1096 1429 1159 valdo

226 1208 318 1258 vacat
341 1199 461 1257 Itomae
483 1202 538 1257 aut
559 1196 756 1256 commodum
779 1201 829 1255 est
853 1194 961 1254 audire
986 1194 1195 1274 recitantem).
1240 1215 1348 1272 rogare
1369 1196 1430 1275 ‘by
1528 1200 1531 1206 '

226 1296 342 1370 lette1·,’
359 1297 473 1356 ambire
489 1296 548 1374 ‘by
563 1294 630 1355 oral
646 1294 877 1354 solicitations.’

269 1398 308 1456 17
331 1398 456 1458 domum
475 1401 654 1457 mutuatur:
679 1394 746 1453 Iuv.
769 1394 836 1453 VII
858 1395 898 1453 38
919 1394 952 1452 ff.
976 1394 1005 1453 si
1027 1394 1193 1455 dulcedine
1216 1395 1320 1455 famae
1339 1395 1344 1480 Ι
1363 1414 1431 1456 suc-

226 1515 338 1557 census
368 1496 492 1570 recites,
522 1493 698 1554 maculosas
735 1494 914 1553 commodat
942 1493 1036 1552 aedes
1056 1492 1060 1578 Ι
1080 1493 1156 1553 haec
1184 1494 1278 1570 longe
1308 1495 1430 1556 ferrata

226 1597 337 1655 domus
360 1595 479 1654 servire
502 1594 628 1653 iubetur
648 1593 652 1678 Ι
672 1593 705 1651 in
723 1612 786 1670 qua
803 1592 957 1652 sollicitas
976 1592 1121 1652 imitatur
1136 1593 1232 1652 ianua
1245 1601 1353 1672 portas
1370 1641 1377 1655 .
1394 1640 1426 1655 ..

226 1714 318 1755 nemo
344 1694 432 1773 dabit
457 1713 575 1770 regum,
602 1693 714 1771 quanti
740 1692 892 1751 subsellia
920 1699 1066 1752 constent
1085 1690 1090 1776 Ι
1109 1700 1141 1752 et
1167 1712 1246 1771 quae
1272 1695 1427 1754 conducto

226 1796 365 1873 pendent
376 1793 552 1853 anabathra
562 1793 667 1869 tigillo
687 1793 691 1875 Ι
710 1811 853 1870 quaeque
868 1792 1067 1870 reportandis
1083 1792 1188 1870 posita
1202 1799 1251 1852 est
1265 1794 1429 1855 orchestra

226 1893 393 1954 cathedris.
440 1894 489 1954 On
513 1892 696 1951 recitations
720 1891 753 1950 in
775 1892 884 1966 Rome,
900 1910 953 1951 see
968 1891 1176 1951 Friedlander
1191 1891 1426 1968 111⁶419424,

225 1994 288 2054 and
310 1991 482 2070 especially
498 1992 552 2051 the
575 1991 761 2050 exhaustive
784 1997 873 2050 notes
891 1991 927 2050 of
948 1992 1061 2069 Mayor
1076 1997 1109 2051 to
1125 1992 1193 2050 Iuv.
1210 1992 1299 2052 ΙΙΙ9
1318 1993 1428 2076 (volI

225 2113 255 2172 p.
273 2093 425 2152 rra-181.
442 2093 503 2151 346
519 2091 557 2169 f.)
584 2091 649 2150 VII
671 2091 711 2150 38
726 2090 759 2149 ff.
779 2089 852 2174 (vol.
869 2091 886 2149 1
908 2091 969 2150 282
986 2091 1008 2150 f.
1025 2090 1100 2168 443)
1125 2091 1166 2150 84
1194 2091 1268 2174 (vol.
1285 2091 1304 2149 1
1325 2092 1387 2153 289
1402 2093 1425 2152 f.

225 2192 312 2269 445).

269 2292 307 2351 18
331 2291 458 2352 libellos
476 2291 648 2369 dispergit:
664 2290 865 2350 ‘distributas
881 2290 1109 2367 programmes'
1126 2297 1183 2349 not
1198 2289 1426 2366 ‘invitations,'

225 2409 260 2450 as
280 2390 407 2468 usually
422 2390 628 2467 interpreted,
645 2391 695 2449 for
716 2389 806 2449 these
829 2389 908 2449 have
930 2389 1010 2448 been
1032 2389 1161 2468 already
1176 2389 1363 2467 designated
1384 2391 1427 2470 by

225 2489 373 2566 ‘rogare’
418 2489 465 2551 Of.
489 2489 551 2550 Cic.
576 2489 658 2548 Phil.
681 2490 716 2547 II
736 2489 786 2562 38,
809 2491 849 2548 97
871 2488 1081 2563 gladiatorum
1103 2489 1229 2549 libellos
1249 2491 1424 2551 venditare.

227 2591 275 2651 On
299 2590 353 2648 the
378 2608 472 2665 many
495 2588 723 2664 significatione
746 2588 781 2646 of
805 2587 942 2660 libellus,
968 2607 1019 2647 see
1042 2589 1215 2665 Landgraf,
1238 2590 1354 2649 Archiv
1378 2591 1425 2651 VI

226 2709 254 2765 p.
272 2690 342 2748 248.

268 2791 307 2848 19
333 2794 370 2849 ut
386 2790 589 2849 beatissimus
608 2825 613 2837 -
636 2826 641 2837 ·
664 2793 820 2849 -eventus
845 2794 1066 2866 prosequatur:
1090 2799 1125 2847 ut
1151 2788 1251 2848 'even
1276 2790 1426 2866 granting

225 2889 314 2961 that,'
331 2905 439 2947 occurs
456 2894 512 2946 not
527 2887 640 2946 earlier
656 2887 733 2945 than
749 2886 867 2959 Cicer0,
884 2887 955 2945 who
970 2906 1042 2945 uses
1061 2887 1087 2945 it
1106 2887 1140 2945 in
1160 2888 1225 2947 this
1241 2907 1333 2948 sense
1348 2908 1425 2968 very

225 2987 417 3064 frequently.
463 2988 495 3045 It
517 2986 544 3044 is
568 2992 624 3045 not
646 2985 746 3043 found
769 2985 801 3043 in
824 2986 952 3059 Sallust,
969 2986 1073 3045 andis
1090 2987 1425 3066 oornparativelyrare

226 3087 259 3145 in
274 3088 365 3146 other
379 3087 512 3146 writers.
558 3087 664 3155 Quint.
676 3087 722 3145 VI
738 3087 840 3160 3,112
857 3087 889 3144 in
905 3086 1019 3163 quibus
1035 3093 1070 3144 ut
1086 3087 1266 3161 erraverim,
1282 3088 1425 3164 legentes

225 3193 330 3245 tamen
353 3206 416 3245 non
439 3187 556 3263 decepi.
604 3187 641 3243 In
658 3186 808 3244 Tacitus:
831 3187 913 3244 Anu.
932 3186 978 3245 IV
993 3188 1033 3246 33
1055 3193 1153 3262 utque
1174 3186 1315 3246 familiae
1337 3187 1425 3265 ipsae

225 3287 400 3344 exstinctae
417 3287 482 3345 sint
498 3287 537 3344 40
559 3305 616 3361 ego
638 3292 674 3343 ut
697 3286 807 3343 sinum.
854 3287 907 3363 Cp.
926 3287 980 3343 Dr.
992 3287 1033 3343 II.
1048 3285 1078 3343 S.
1097 3286 1130 3343 II
1148 3288 1208 3346 758
1225 3287 1256 3344 ff.
1267 3324 1309 3332 —
1320 3289 1426 3346 barth·

224 3387 321 3443 siccus
336 3395 459 3444 cremus
477 3385 578 3443 ‘most
600 3384 776 3461 gratifying
798 3404 931 3457 success,
952 3385 1055 3444 issue)
1100 3384 1276 3445 ‘Eventus'
1294 3386 1320 3445 is
1341 3406 1361 3446 a
1380 3407 1426 3447 so

225 3484 325 3543 called
352 3485 538 3543 vocabulum
561 3484 709 3556 medium,
732 3484 885 3559 ‹lenoting
907 3484 1009 3542 either
1029 3504 1047 3543 a
1067 3485 1147 3560 good
1169 3504 1203 3543 or
1228 3485 1290 3545 bad
1315 3487 1423 3546 result.

225 3584 273 3644 Of.
291 3585 373 3642 Plin.
392 3585 450 3660 Ep.
467 3584 496 3642 V
510 3585 595 3657 20,2
619 3584 668 3658 egi
690 3603 746 3660 pro
762 3584 895 3649 Vareno,
919 3603 981 3642 non
1004 3584 1072 3642 siue
1093 3591 1229 3643 eventu:
1250 3605 1324 3644 nam
1345 3586 1425 3646 bene

224 3702 265 3742 an
287 3683 376 3756 male,
393 3683 474 3742 liber
492 3683 652 3742 indicabit.
702 3683 788 3741 Used
811 3683 844 3740 in
866 3683 980 3741 bonam
1004 3690 1125 3759 partem
1149 3683 1182 3741 in
1206 3684 1288 3743 Ann.
1313 3686 1350 3744 II
1373 3686 1424 3760 26,

224 3783 328 3841 where
344 3802 396 3841 see
412 3783 605 3860 Nipperdey.
619 3821 661 3828 —
673 3787 923 3860 prosequatur:
935 3789 1093 3858 sequatur.
1140 3784 1187 3843 Cf.
1202 3791 1275 3842 note
1291 3804 1316 3844 o.
1333 3788 1351 3844 'r'
1370 3795 1408 3845 17.

266 3884 306 3941 20
329 3900 427 3943 unum
446 3887 502 3942 ant
520 3883 672 3942 alterum:
692 3883 739 3942 Cf.
758 3902 781 3939 c.
800 3883 871 3939 2115
891 3884 960 3940 292
980 3884 1020 3940 39
1038 3891 1067 3939 13
1083 3883 1141 3958 Ag.
1160 3884 1425 3943 lursmarin

223 3984 263 4041 34
287 3983 349 4041 and
373 3983 409 4042 G.
427 3984 445 4040 6
470 3982 512 4040 H.
531 3982 544 4038 I
571 3982 610 4039 83
630 3982 711 4039 aun.
730 3982 783 4038 lll
807 3983 855 4039 4ῖ,
879 3982 926 4039 IV
944 3983 982 4039 17
1003 4001 1083 4040 unus
1099 3982 1228 4041 alterve.
1274 3983 1315 4041 H.
1333 3984 1424 4044 1175

224 4083 306 4140 Anu.
325 4082 411 4140 XIII
427 4083 467 4140 46
483 4099 563 4139 unus
580 4079 730 4156 alterque.
770 4081 811 4137 H.
829 4081 857 4139 Υ
873 4083 892 4139 6
908 4098 989 4138 unus
1006 4088 1101 4156 atque
1117 4081 1205 4140 alter.
1251 4082 1318 4141 The
1334 4101 1426 4160 copu-

224 4180 321 4240 lative
345 4180 549 4257 conjunctiora
573 4179 628 4238 has
648 4199 687 4238 an
707 4180 864 4238 iuteirsive
884 4180 969 4237 force
988 4182 1038 4263 (Gr.
1057 4182 1094 4237 11
1115 4187 1146 4239 et
1166 4180 1247 4239 alter
1262 4188 1295 4240 et
1310 4183 1424 4242 tertius

224 4280 290 4339 dies
307 4280 505 4338 cunctatione
525 4280 720 4337 consumitur
738 4279 813 4336 llor.
829 4279 892 4337 Sat.
907 4280 941 4336 II
957 4280 986 4351 5,
1003 4280 1042 4337 24
1059 4280 1148 4337 vafer
1163 4299 1244 4339 unus
1260 4286 1293 4339 et
1307 4281 1402 4360 alter)
1417 4305 1425 4357 ;

223 4379 332 4456 joined
353 4379 395 4456 by
411 4378 496 4437 ‘aut’
513 4398 548 4436 or
562 4378 636 4450 ‘ra’
652 4379 706 4436 the
727 4379 840 4454 phrase
863 4378 988 4455 irnplies
1004 4378 1105 4437 either
1122 4379 1158 4438 ‘a
1173 4381 1252 4439 few'
1271 4387 1320 4463 (so
1335 4381 1423 4460 here)

165 4532 167 4536 .
224 4497 259 4536 or
274 4479 349 4537 ‘one
365 4498 399 4536 or
415 4479 468 4536 the
485 4478 593 4537 other’
609 4478 705 4535 taken
722 4485 755 4536 at
772 4479 909 4536 randorn.
949 4480 1321 4556 Of.Nipp.Ann.11134
1336 4483 1425 4542 ,John

225 4579 264 4637 ad
280 4598 304 4636 c.
322 4579 360 4635 21
377 4588 392 4633 o
412 4578 564 4649 Sclnnalz,
582 4578 681 4635 ,laria
702 4598 729 4653 p.
749 4580 817 4636 137.
829 4579 974 4636 —After
989 4579 1079 4647 client,
1099 4598 1118 4638 a
1137 4580 1319 4657 participial
1342 4582 1426 4641 form

225 4678 259 4736 of
279 4695 355 4748 esse,
370 4698 405 4736 or
420 4698 438 4737 a
456 4680 658 4738 subordinate
682 4698 752 4735 cuin
775 4678 889 4750 clause,
906 4692 978 4756 may
995 4677 1033 4736 be
1052 4678 1200 4755 supplied
1221 4679 1256 4738 in
1278 4680 1424 4758 thought.
