3106 5288
170 632 232 697 xlii
630 645 916 701 rnonncounun.

170 823 225 882 the
251 821 470 900 proletariat,⁷⁹
493 841 534 881 on
559 821 614 881 the
644 821 781 880 irksome
811 819 971 897 necessity
996 817 1032 878 of
1060 817 1294 894 remembering
1318 817 1374 877 the

171 941 315 999 emperor
336 922 371 980 in
392 918 510 994 wills,⁸⁰
530 921 642 998 legacy
663 916 935 996 hunting,⁸¹—all
957 917 1084 996 display
1106 917 1161 977 the
1183 923 1255 976 true
1271 916 1374 976 ‘color

170 1022 339 1095 TaciteuS,'
355 1040 389 1080 as
404 1021 577 1080 evidenced
593 1021 634 1098 by
648 1018 782 1097 parallel
798 1037 947 1097 passages
963 1018 997 1076 in
1013 1017 1063 1076 his
1078 1016 1192 1076 works.

214 1122 252 1179 In
264 1121 314 1180 his
327 1121 490 1195 fondness,
503 1120 624 1198 finally,
636 1120 687 1179 for
698 1119 917 1198 crystallising
932 1117 1171 1197 psychological
1181 1117 1245 1176 and
1256 1116 1374 1176 ethical

171 1220 349 1280 reflections
372 1240 407 1280 or
428 1219 556 1296 general
577 1220 683 1279 truths
701 1219 735 1277 in
755 1219 886 1296 pointed
901 1219 1042 1296 epigram
1057 1218 1120 1278 and
1136 1216 1373 1276 well-balanced

171 1321 357 1394 antitheses,
372 1320 428 1379 the
450 1320 565 1379 author
582 1319 618 1378 of
638 1319 693 1378 the
715 1319 869 1395 Dialogus
892 1318 1113 1378 reveals-ex
1128 1337 1233 1394 ungue
1249 1317 1373 1377 leonem

171 1421 276 1479 -the
291 1421 372 1479 keen
387 1419 529 1497 analytic
545 1419 693 1478 observer
712 1437 747 1478 so
767 1418 840 1477 well
861 1418 978 1477 known
999 1422 1033 1476 to
1054 1435 1092 1476 us
1115 1416 1198 1476 from
1219 1416 1277 1476 the
1300 1417 1373 1476 His·

171 1520 268 1580 tories
284 1519 347 1579 and
361 1519 417 1578 the
433 1518 592 1578 Annals.⁸²

570 1716 612 1800 (c)
643 1718 790 1793 Literary
815 1717 977 1775 Criticism.

213 1868 281 1928 The
296 1867 450 1943 Dialogus
465 1885 530 1925 was
546 1865 676 1925 written
698 1866 775 1944 hya
796 1884 869 1924 man
891 1864 1051 1942 equipped
1072 1864 1152 1922 with
1174 1882 1193 1924 a
1214 1863 1374 1941 thorough

172 1966 342 2027 rhetorical
368 1966 519 2042 training,
546 1966 609 2025 and
637 1965 805 2042 possessed
830 1964 866 2023 of
891 1983 910 2023 a
934 1963 1016 2023 wide
1042 1963 1229 2040 knowledge
1256 1963 1292 2023 of
1319 1963 1374 2023 the

172 2065 424 2126 characteristica
441 2065 475 2124 of
489 2066 613 2124 Roman
628 2064 798 2140 eloquence
814 2064 877 2122 and
892 2063 934 2122 its
949 2062 1080 2142 history.
1127 2062 1161 2120 If
1182 2081 1226 2136 so,
1245 2081 1305 2122 can
1327 2081 1373 2122 we

173 2172 275 2226 assert
299 2165 379 2224 with
404 2165 583 2225 confidence
609 2164 681 2223 that
706 2164 760 2223 the
786 2163 943 2223 historian
969 2163 1098 2221 Tacitus
1125 2181 1189 2222 was
1216 2162 1374 2240 similarly

173 2264 324 2342 qualified
338 2265 381 2343 by
396 2264 522 2323 natural
537 2265 737 2323 endowment
752 2263 814 2322 and
832 2261 975 2338 training
995 2266 1030 2320 to
1052 2261 1142 2321 write
1164 2261 1219 2321 the
1241 2261 1374 2321 treatise

173 2364 278 2424 which
292 2364 349 2423 has
365 2383 451 2423 come
466 2365 559 2423 down
573 2364 674 2422 under
689 2362 739 2421 his
755 2380 846 2421 name
861 2362 924 2420 and
938 2360 1044 2420 which
1061 2360 1231 2419 otherwise
1249 2359 1374 2420 reflecte

218 2530 240 2564 ⁸⁸
251 2545 273 2581 c.
290 2532 322 2580 19
334 2541 354 2580 a.
673 2528 694 2562 ⁸⁰
706 2541 729 2577 c.
746 2527 777 2576 13
794 2532 848 2577 ext.
1183 2525 1204 2559 ⁸¹
1217 2539 1239 2576 c.
1254 2526 1271 2575 6
1284 2537 1305 2576 o.

219 2614 241 2647 ⁸²
252 2628 274 2663 e.
284 2628 307 2677 g.
323 2628 345 2663 e.
362 2612 440 2663 1sh.
461 2618 493 2661 ut
510 2619 557 2661 aut
574 2612 608 2660 de
626 2611 741 2674 ingeniis
758 2609 828 2659 male
846 2609 1056 2659 existimandum
1068 2609 1112 2668 sit,
1131 2608 1154 2657 si
1172 2608 1244 2657 idern
1263 2609 1375 2672 adsequi

174 2712 230 2752 non
247 2710 389 2759 possumus
406 2703 454 2745 aut
472 2695 505 2744 de
525 2695 638 2755 iudiciis,
657 2695 680 2744 si
699 2693 825 2743 nolumus
850 2692 1036 2743 Bactrinae
1055 2697 1083 2740 et
1101 2705 1165 2754 opes
1182 2705 1250 2753 quas
1269 2691 1376 2741 facilius

175 2780 296 2830 invenies
313 2779 358 2840 qui
375 2779 509 2840 vituperet
527 2792 608 2840 quam
626 2779 671 2840 qui
688 2777 812 2827 fastidiat
842 2777 898 2825 10³
916 2776 1064 2825 mediocres
1080 2781 1174 2837 poetas
1191 2788 1272 2824 nemo
1290 2775 1374 2835 novit,

175 2865 261 2914 bonos
272 2862 351 2925 pauci
375 2863 443 2910 1212
460 2875 572 2910 aureum
589 2861 725 2910 saeculum
745 2866 772 2909 et
790 2866 927 2908 oratorum
946 2865 973 2907 et
991 2859 1134 2907 criminum
1150 2858 1235 2920 inops,
1251 2860 1339 2922 poetis
1350 2865 1377 2908 ct

175 2948 282 2997 vatibus
300 2945 455 2995 abundabat
472 2945 518 3007 qui
535 2945 604 2993 bene
622 2944 695 2993 facta
713 2950 841 2992 canerent
857 2957 911 2991 non
928 2943 974 3004 qui
987 2942 1056 2990 male
1069 2942 1186 2991 admissa
1199 2942 1378 2992 defenderent

177 3031 207 3080 13
219 3040 244 3078 15
256 3043 305 3078 nec
319 3028 513 3091 imperantibus
524 3041 653 3088 umquam
665 3028 730 3076 satis
741 3027 811 3076 servi
824 3026 950 3074 ridentur
962 3039 1011 3074 nec
1027 3026 1106 3074 nobis
1123 3026 1189 3075 satis
1206 3025 1285 3075 liberi
1311 3027 1342 3075 18
1353 3035 1378 3075 to

175 3127 225 3162 nec
242 3112 334 3161 statim
352 3111 469 3159 deterius
487 3124 544 3159 esse
562 3110 633 3172 quod
651 3110 786 3159 diversum
805 3115 854 3169 est,
868 3109 935 3158 vitio
949 3114 1040 3158 autem
1052 3108 1229 3170 malignitatis
1241 3109 1377 3159 humanae

176 3202 267 3245 vetera
278 3208 384 3256 semper
395 3195 422 3242 in
434 3193 523 3254 laude,
537 3193 690 3256 praesentia
701 3193 730 3242 in
742 3192 851 3242 fastidio
863 3206 920 3241 esse
934 3197 987 3255 (sce
1006 3194 1079 3240 Anu.
1095 3191 1122 3240 11
1137 3191 1169 3240 38
1182 3192 1252 3241 cited
1265 3193 1301 3242 ad
1313 3192 1376 3258 loc.)

175 3280 206 3327 21
225 3288 250 3326 a
267 3292 323 3326 non
342 3276 435 3326 melius
452 3290 534 3339 quam
554 3276 647 3326 Cicero
665 3276 712 3325 sed
730 3275 836 3325 felicius
854 3276 917 3337 quia
938 3275 997 3324 illos
1015 3275 1109 3324 iecisse
1128 3275 1269 3337 pauciores
1288 3277 1379 3326 sciunt

176 3362 244 3410 2317
262 3375 345 3424 prope
364 3361 439 3409 abest
456 3360 491 3408 ab
509 3359 673 3420 infirmitate,
695 3360 722 3408 in
742 3373 795 3421 qua
814 3359 872 3408 sola
891 3359 995 3408 sanitas
1013 3357 1141 3407 laudatur
1169 3359 1201 3407 26
1214 3367 1239 3407 1³
1258 3365 1379 3409 oratores

175 3445 261 3493 nentri
281 3448 373 3492 tenero
393 3443 490 3503 dicere,
510 3443 653 3492 histriones
673 3442 773 3491 diserte
795 3442 894 3491 saltare
918 3441 1044 3490 dicantur
1072 3442 1146 3490 2711
1167 3448 1243 3490 utere
1265 3443 1379 3505 antiqua

175 3528 308 3587 libertate,
329 3541 346 3575 a
366 3539 420 3588 qua
440 3525 481 3574 vel
503 3526 588 3588 magis
607 3526 828 3587 degeneravimus
846 3539 928 3587 quam
948 3525 982 3574 ab
1003 3523 1158 3586 eloquentia
1177 3524 1232 3588 (see
1251 3525 1282 3574 G.
1298 3526 1332 3574 45
1351 3525 1378 3574 in

176 3616 282 3660 tantum
295 3624 350 3658 non
363 3608 443 3657 modo
456 3623 472 3658 a
483 3608 607 3657 libertate
619 3609 665 3656 sed
678 3609 760 3657 etiam
772 3622 789 3657 a
800 3609 928 3656 servitute-
941 3607 1115 3670 degenerant)
1138 3608 1172 3656 29
1185 3616 1209 3656 18
1221 3622 1312 3657 coram
1325 3622 1380 3671 qua

175 3707 262 3755 neque
280 3693 368 3741 dicere
386 3691 428 3741 fas
445 3697 504 3740 erat
520 3691 592 3754 quod
610 3698 687 3752 turpe
706 3691 789 3751 dictu,
806 3704 893 3752 neque
910 3691 1000 3740 facere
1018 3690 1091 3753 quod
1109 3690 1283 3739 inhonestum
1303 3691 1379 3740 iactu

176 3776 313 3824 videretur
341 3775 399 3822 322
417 3774 497 3823 aliter
516 3774 618 3822 utimur
638 3773 761 3835 propriis,
783 3773 861 3822 aliter
884 3773 1070 3833 commodatis,
1092 3772 1225 3835 longeque
1249 3773 1379 3823 interesse

176 3858 351 3908 manifestum
372 3863 413 3906 est
431 3857 566 3919 possideat
586 3857 645 3918 quis
664 3869 733 3917 quae
752 3856 856 3918 profert
874 3871 909 3906 an
927 3862 1068 3905 mutuetur
1096 3856 1128 3904 33
1146 3864 1172 3903 a)
1189 3857 1303 3905 eandem
1322 3871 1379 3906 esse

176 3942 309 3991 rationem
327 3947 355 3988 et
371 3940 535 4002 percipiendi
553 3953 621 4001 quae
638 3939 760 4001 proferas
771 3944 799 3988 et
810 3939 965 4001 proferendi
978 3953 1047 4000 quae
1059 3939 1210 4001 perceperis
1234 3939 1264 3988 31
1279 3945 1333 3989 ext.
1349 3948 1380 3989 ut

176 4039 271 4074 secura
288 4023 380 4084 velint,
394 4022 544 4085 periculosa
561 4022 693 4072 extollant
721 4022 754 4071 40
772 4030 825 4072 ext.
839 4036 889 4071 nec
907 4023 977 4072 tanti
996 4023 1034 4071 rei
1052 4022 1175 4085 publicas
1195 4022 1379 4073 Gracchorum

177 4108 331 4171 eloquentia
342 4107 403 4166 fuit,
417 4113 449 4155 ut
466 4112 604 4168 pateretur
621 4110 648 4154 ct
665 4105 736 4167 leges
754 4120 803 4154 nec
821 4106 889 4154 benc
908 4105 1010 4154 famam
1029 4105 1199 4167 eloquentiae
1218 4105 1312 4155 Cicero
1331 4106 1380 4155 tali

177 4192 252 4240 exitu
264 4190 387 4252 pensavit
409 4191 440 4238 41
455 4198 468 4237 s
484 4203 666 4251 supervacuus
678 4195 747 4238 emet
759 4188 830 4237 inter
841 4188 999 4237 innocentes
1015 4193 1107 4237 orator
1123 4189 1193 4237 sicut
1212 4189 1282 4237 inter
1299 4202 1381 4238 sanos

177 4274 305 4323 medicus.
318 4273 372 4323 and
384 4274 415 4322 37
427 4280 500 4320 ansa
539 4272 586 4333 Cp.
602 4271 658 4320 also
676 4271 967 4332 nosmet-Peerlkamp
984 4286 1010 4333 p.
1027 4272 1075 4319 100
1090 4272 1266 4333 ‘Saepissime
1285 4278 1381 4321 auctor

177 4357 277 4419 dialogi
294 4357 333 4406 ita
352 4355 445 4405 scribit
466 4361 497 4403 ut
517 4362 623 4416 praeter
640 4355 763 4403 Tacitum
784 4369 864 4403 nemo
884 4369 1014 4416 umquam
1031 4355 1157 4416 scripsit.
1174 4391 1180 4404 .
1197 4392 1202 4403 .
1218 4369 1282 4404 nam
1300 4355 1381 4404 sicuti

178 4440 256 4489 multi
268 4440 392 4489 homines
402 4439 453 4488 hoc
466 4438 574 4498 habent,
586 4443 617 4486 ut
629 4452 662 4485 ex
675 4438 780 4487 incessu
792 4444 920 4500 motuque
933 4439 1053 4500 corporis
1065 4439 1172 4488 eminus
1183 4445 1381 4501 cognoscantur

178 4523 313 4585 iidemque
325 4522 408 4572 alium
422 4522 554 4570 incessum
567 4527 724 4582 motumque
737 4521 837 4583 fingere
851 4536 881 4571 ac
898 4520 1025 4570 simulare
1043 4528 1175 4584 perpetuo
1192 4537 1248 4571 non
1265 4523 1378 4584 possint,

179 4607 217 4655 ita
235 4606 359 4655 Tacitum
376 4619 426 4654 sua
444 4620 487 4654 ars
505 4610 532 4653 et
549 4605 618 4654 ratio
636 4605 701 4654 satis
719 4605 893 4653 manifestum
906 4605 1068 4656 ostendunt:
1087 4610 1186 4655 natura
1198 4605 1269 4654 illius
1280 4605 1380 4667 ubique

179 4690 293 4738 recurrit
306 4696 333 4736 et
345 4689 421 4750 quasi
433 4687 550 4748 flamma,
566 4693 596 4736 ut
608 4689 646 4736 ait
659 4695 746 4749 poeta,
759 4689 857 4737 indicio
868 4688 993 4750 proditur
1005 4689 1062 4751 ipsa
1074 4690 1143 4737 suo'
